<?xml version="1.0" encoding="UTF-8"?><collection xmlns="http://www.loc.gov/MARC21/slim"><record><leader>00345nam--2200121-i-4500</leader><controlfield tag="001">000033341</controlfield><controlfield tag="002">20161230</controlfield><controlfield tag="005">20161230201039</controlfield><controlfield tag="008">060222s1000------------r-----000-0-eng-d</controlfield><datafield ind1=" " ind2=" " tag="245"><subfield code="a">Monografii matematice: nr.26: introduction to random riemannian geometry</subfield></datafield><datafield ind1=" " ind2=" " tag="260"><subfield code="a">Timisoara, Univ.Din Timisoara, 1986</subfield></datafield><datafield ind1=" " ind2=" " tag="700"><subfield code="a">Petrisor, Emilia</subfield></datafield><datafield ind1=" " ind2=" " tag="852"><subfield code="a">74616</subfield></datafield></record></collection>